@book{pang2006introduction,
  title={An introduction to computational physics},
  author={Pang, Tao},
  year={2006},
  publisher={Cambridge University Press}
}

@book{nussenzveig2007curso,
  title={Curso de f{\'\i}sica b{\'a}sica},
  author={Nussenzveig, Herch Moys{\'e}s},
  year={2007},
  publisher={Edgard Bl{\"u}cher, 2002}
}

@book{haigh2016eniac,
  title={Eniac in Action: Making and Remaking the Modern Computer},
  author={Haigh, Thomas and Priestley, Mark and Rope, Crispin},
  year={2016},
  publisher={Mit Press}
}

@book{abbott2015flatland,
  title={Flatland: A romance of many dimensions},
  author={Abbott, Edwin Abbott},
  year={2015},
  publisher={Princeton University Press}
}

@book{JCButcher2008NumericalODE,
  title={Numerical methods for ordinary differential equations},
  author={J. C. Butcher},
  year={2008},
  publisher={John Wiley \& Sons Ltd.},
  address={Chichester, England}
}

@book{Arenales2008Calculo,
  title={C{\'a}lculo num{\'e}rico: aprendizagem com apoio de software},
  author={Arenales, Selma and Darezzo, Artur},
  year={2008},
  publisher={Thomson Learning},
  address={São Paulo}
}

@book{CScherer2010Metodos,
  title={M{\'e}todos computacionais da F{\'\i}sica},
  author={Scherer, Cl{\'a}udio},
  year={2010},
  publisher={Editora Livraria da F{\'\i}sica},
  address={São Paulo}
}

@book{NFranco2006Calculo,
  title={C{\'a}lculo num{\'e}rico},
  author={Franco, Neide Bertoldi},
  year={2006},
  publisher={Pearson Prentice Hall},
  address={São Paulo}
}

@book{thijssen2007computational,
  title={Computational physics},
  author={Thijssen, Jos},
  year={2007},
  publisher={Cambridge University Press}
}
